/home/jmoosmann/Dropbox/REFERENCES/Bibliography.bib