%% LaTeX2e file `Diff_Colorbar-pstool.bib'
%% generated by the `filecontents' environment
%% from source `Diff_Colorbar-pstool' on 2014/12/14.
%%
@manual{A01,
  author = {Author, A.},
  year = {2001},
  title = {Alpha},
  url = {tex.stackexchange.com},
}
@misc{B02,
  author = {Buthor, B.},
  year = {2002},
  title = {Bravo},
  url = {tex.stackexchange.com},
}
